@InProceedings{Oren1994,
author = {M. Oren and S.K. Nayar},
title = {{G}eneralization of {L}ambert's {R}eflectance {M}odel},
booktitle = {ACM 21st Annual Conference on Computer Graphics and Interactive Techniques (SIGGRAPH)},
pages = {239--246},
month = {Jul},
year = {1994}
}

